@article{Kankare:2019bzi,
	author         = "Kankare, E. and others",
	title          = "{A search for transient optical counterparts to
		high-energy IceCube neutrinos with Pan-STARRS1}",
	collaboration  = "Pan-STARRS, IceCube",
	journal        = "Submitted to: Astron. Astrophys.",
	year           = "2019",
	eprint         = "1901.11080",
	archivePrefix  = "arXiv",
	primaryClass   = "astro-ph.HE",
	SLACcitation   = "%%CITATION = ARXIV:1901.11080;%%"
}